% Encoding: UTF-8

%[ORGANIZATIONS]

@string{aaai = "American Association for Artificial Intelligence"}

@string{aaai-ad = "Menlo Park"}

@string{aamas04 = "3rd International Joint Conference on Autonomous Agents
          and Multiagent Systems"}

@string{aamas04Addr = "New York, NY, USA"}

@string{aamas04Ed = "Sierra, C. and Sonenberg, L."}

@string{acl = "Association for Computational Linguistics"}

@string{acm = "Association for Computing Machinery"}

@string{acm-ad = "New York"}

%[IMPORTED STRING DEFINITIONS]

%[JOURNALS]

@string{aij = "Artificial Intelligence"}

@string{aimag = "AI~Magazine"}

@string{bij = "Bioinformatics"}

%[SCHOOLS]

@string{cmucs = "Computer Science Department, Carnegie-Mellon University"}

@string{cmucs-ad = "Pittsburgh, Pennsylvania"}

@string{dke = "Data and Knowledge Engineering"}

@string{dmkd = "Data Mining and Knowledge Discovery"}

@string{ida = "Intelligent Data Analysis"}

%[CONFERENCES]

@string{kdd02 = "Proceedings of the Conference on Knowledge and Data Discovery
                 (KDD-2002)"}

@string{kde = "IEEE Transactions on Knowledge and Data Engineering"}

@string{kdmm98 = "Proceedings of the 4th International Conference on Knowledge Discovery and Data Mining"}

@string{kdmm98addr = "New York"}

%[PUBLISHERS]

@string{kluwer = "Kluwer Academic Publishers"}

@string{kluwer-ad = "Dordrecht, The Netherlands"}

@string{ml = "Machine Learning"}

@string{pami = "IEEE Transactions on Pattern Analysis and Machine Intelligence (PAMI)"}

@string{sigkdd = "SIGKDD Explorations"}

@string{SV = "Springer-Verlag"}

@string{uai00 = "Proceedings of the 16th Annual Conference on Uncertainty in Artificial Intelligence"}
@string{UNKNOWN = "UNKNOWN"}

@string{upenn = "University of Pennsylvania"}


@inproceedings{Chopra06aamas,
  author    = {Amit K. Chopra and
               Munindar P. Singh},
  title     = {Contextualizing commitment protocol},
  booktitle = {AAMAS},
  crossref  = {DBLP:conf/atal/2006},
  year      = {2006},
  pages     = {1345-1352},

}

%[REFERENCES] %%%%%%%%%%%%%%%%%%%%%%%%%%%%%%%%%%%%%%%%%%%%%%%%%%
@book{russell1995artificial,
  title={Artificial intelligence: a modern approach},
  author={Russell, Stuart Jonathan and Norvig, Peter and Canny, John F and Malik, Jitendra M and Edwards, Douglas D},
  volume={2},
  year={1995},
  publisher={Prentice hall Englewood Cliffs}
}

@InProceedings{Zhou04,
  author    = {Chen Zhou and Chia Liang-Tien and Lee Bu-Sung},
  booktitle = {ICWS '04: Proceedings of the IEEE International Conference on Web Services},
  title     = {{DAML-QoS Ontology for Web Services}},
  year      = {2004},
  address   = {Washington, DC, USA},
  pages     = {472},
  publisher = {IEEE Computer Society},
  doi       = {http://dx.doi.org/10.1109/ICWS.2004.44},
  isbn      = {0-7695-2167-3},
}
@BOOK{strunk,
   author = "Strunk, Jr., William and E. B. White",
   title = "The Elements of Style",
   publisher = "Macmillan",
   edition = "Third",
   year = 1979
   }


@inproceedings{Antoniou00,
  author    = {Grigoris Antoniou and
               David Billington and
               Guido Governatori and
               Michael J. Maher and
               Andrew Rock},
  title     = {A Family of Defeasible Reasoning Logics and its Implementation.},
  booktitle = {The 14th European Conference on Artificial Intelligence},
  year      = {2000},
  pages     = {459-463},
}


@article{Antoniou04,
  author    = {Grigoris Antoniou},
  title     = {Defeasible logic with dynamic priorities.},
  journal   = {International Journal of Intelligent Systems},
  volume    = {19},
  number    = {5},
  year      = {2004},
  pages     = {463-472},
}
@book{Spizner2002,
    title     = {Honeypots: Tracking Hackers},
    author    = {Spitzner, Lance},
    year      = 2002,
    publisher = {Addison-Wesley Professional},
}

@inproceedings{AntoniouSBB05,
  author    = {Grigoris Antoniou and
               Thomas Skylogiannis and
               Antonis Bikakis and
               Nick Bassiliades},
  title     = {DR-BROKERING - A Defeasible Logic-Based System for Semantic
               Brokering.},
  booktitle = {2005 IEEE International Conference on e-Technology, e-Commerce,
               and e-Services (EEE 2005), 29 March - 1 April 2005, Hong
               Kong, China},
  year      = {2005},
  pages     = {414-417},
}

@article{AntoniouSBDB07,
  author    = {Grigoris Antoniou and
               Thomas Skylogiannis and
               Antonis Bikakis and
               Martin Doerr and
               Nick Bassiliades},
  title     = {DR-BROKERING: A semantic brokering system.},
  journal   = {Knowledge-Based Systems},
  volume    = {20},
  number    = {1},
  year      = {2007},
  pages     = {61-72},
  ee        = {http://dx.doi.org/10.1016/j.knosys.2006.07.006},
  bibsource = {DBLP, http://dblp.uni-trier.de}
}


@InProceedings{Bellucci03,
  author    = {Emilia Bellucci and John Zeleznikow},
  title     = {THE CONFLICT BETWEEN NEGOTIATION AND LITIGATION WHEN BUILDING MEDIATION DECISION SUPPORT SYSTEMS},
  booktitle = {ICAIL 2003 ODRWorkshop},
  year 	    = {2003},
  pages     = {51--60},
  address   = {Edinburgh, Scotland, UK},
}


@inproceedings{BellucciLZ04,
  author    = {Emilia Bellucci and Arno Lodder and John Zeleznikow},
  title     = {Integrating Artificial Intelligence, Argumentation and Game
               Theory to Develop an Online Dispute Resolution Environment.},
  booktitle = {16th International Conference on Tools with Artificial Intelligence},
  publisher    = ieeecs,
  year      = {2004},
  pages     = {749-754},
}

@Article{Bellucci06,
 author =  {Emilia Bellucci and John Zeleznikow},
 title 	=  {Developing negotiation decision support systems that support mediators: A case study of the Family Winner system},
 journal =   {Artificial Intelligence and Law},
 volume    = {13},
  number    = {2},
 year 	=    {2005},
 pages	= {233-271},
}


@InProceedings{Bodenstaff06,
  author = {Lianne Bodenstaff and Henry Prakken and Gerard Vreeswijk},
  title = {On Formalising Dialogue Systems for Argumentation in the Event Calculus},
  booktitle = {the Eleventh International Workshop on Non-Monotonic Reasoning},
  address = "",
  year = {2006},
}

@InProceedings{Boella04,
 author 	= {Guido Boella and Leendert van der Torre},
 title 		= {Contracts as Legal Institutions in Organizations of Autonomous
Agents},
 booktitle 	= {Proceedings of the Third International Joint Conference on
Autonomous Agents and Multi Agent Systems (AAMAS'04)},
 address	= {New York, US},
 year 		= {2004},
 pages 		= {948--955},
}


@InProceedings{Boella05iat,
  author = {Guido Boella and Joris Hulstijn and Leendert van der Torre},
  title = {A Synthesis Between Mental Attitudes and Social Commitments in Agent Communication Languages},
  booktitle = {Intelligent Agent Technology 05 (IAT 2005)},
  year = {2005},
  address = {Compiegne, France},
  pages = {358-364}
}

@Article{Bonnet04,
 author = {Vincent Bonnet and Karima Boudaoud and Michael Gagnebin and Jurgen Harms and Thomas Schultz},
 title = {Online Dispute Resolution Systems as Web Services},
 journal = {ICFAI Journal of Alternative Dispute Resolution},
 volume = {3},
 year = {2002},
 pages = {57--74},
}


@article{Cachoon00,
  author =  {Gerard Cachon and Martin Lariviere},
  title =   {Supply chain coordination with revenue sharing contracts: strengths and limitations},
  journal = {Management Science},
  volume  = {51},
  number = {1},
  year =    {2005},
  pages = {30-44}
}

@article{Calliess06,
  author    = {Gralf-Peter Calliess},
  title     = {Online Dispute Resolution: Consumer Redress in a Global Market Place.},
  journal   = {German Law Journal},
  volume    = {7},
  number    = {8},
  year      = {2006},
  pages     = {647-660},
}


@Incollection{Chaib-draa04,
author 		= {Philippe Pasquier and Roberto Flores and Brahim Chaib-draa},
  title     	= {Modelling Flexible Social Commitments and their Enforcement},
  booktitle 	= {Engineering Societies in the Agents World V},
  editor    	= {},
  publisher 	= {Springer Verlag},
  series    	= {Lecture Notes in Computer Science},
  volume    	= {3451},
  year      	= {2005},
  pages     	= {139-151},
  }


@InProceedings{Chopra03ac,
  author = {Amit K. Chopra and Munindar P. Singh},
  title = {Nonmonotonic Commitment Machines},
  booktitle = {Proceedings of the International Workshop on Agent Communication Languages and Conversation Policies},
  year = {July 2003},
  pages= "",
  address = {Melbourne, Australia},
}

@proceedings{DBLP:conf/atal/2006,
  editor    = {Hideyuki Nakashima and
               Michael P. Wellman and
               Gerhard Weiss and
               Peter Stone},
  title     = {5th International Joint Conference on Autonomous Agents
               and Multiagent Systems (AAMAS 2006), Hakodate, Japan, May
               8-12, 2006},
  booktitle = {AAMAS},
  publisher = {ACM},
  year      = {2006},
  isbn      = {1-59593-303-4},
  bibsource = {DBLP, http://dblp.uni-trier.de}
}

@Misc{webpage,
  howpublished = {http://www.tutorialspoint.com/ajax/ [Accessed 2021.03.10]},
  title        = {{Ajax Tutorial}},
  url          = {http://www.tutorialspoint.com/ajax/.},
}

@Misc{seleweb,
    howpublished = {https://www.selenium.dev/ [Accessed 2021.03.17]},
    author       = {{Software Freedom Conservancy}},
    title        = {{The Selenium Browser Automation Project}},
    url          = {https://www.selenium.dev/}
}

@Book{van2008software,
  author    = {Van Vliet, Hans},
  publisher = {John Wiley \& Sons Hoboken, NJ},
  title     = {{Software Engineering: Principles and Practice}},
  year      = {2008},
  volume    = {13},
}

@Electronic{FBI_2017,
  author = {{Federal Bureau of Investigation}},
  title  = {{"Forging papers to sell fake art," Apr. 6, 2017}},
  url    = {https://www.fbi.gov/news/stories/forging-papers-to-sell-fake-art},
}

@Comment{jabref-meta: databaseType:bibtex;}
@article{zeki2001neural,
  title={Neural concept formation and art: Dante, Michelangelo, Wagner},
  author={Zeki, Semir},
  journal={Journal of Consciousness Studies},
  volume={8},
  number={11},
  pages={53--76},
  year={2001}
}

@book{ekman1992argument,
  title={An argument for basic emotions},
  author={Ekman, Paul},
  year={1992},
  publisher={Cognition \& Emotion}
}

@inproceedings{russell1980circumplex,
  title={A circumplex model of affect},
  author={Russell, James A},
  booktitle={Journal of personality and social psychology},
  volume={39},
  number={6},
  pages={1161},
  year={1980}
}

@article{posner2005circumplex,
  title={Circumplex models of personality and emotions},
  author={Posner, Jonathan and Russell, James A and Peterson, Bradley S},
  journal={Development and psychopathology},
  volume={17},
  number={3},
  pages={715--734},
  year={2005}
}

@book{plutchik1980general,
  title={A general psychoevolutionary theory of emotion},
  author={Plutchik, Robert},
  year={1980},
  publisher={Academic Press}
}

@article{scherer2001appraisal,
  title={Appraisal considered as a process of multilevel sequential checking},
  author={Scherer, Klaus R},
  journal={Appraisal processes in emotion: Theory, methods, research},
  pages={92--120},
  year={2001}
}

@book{kandinsky1977concerning,
  title={Concerning the spiritual in art},
  author={Kandinsky, Wassily},
  year={1977},
  publisher={Dover Publications}
}

@book{arnheim1974art,
  title={Art and visual perception: A psychology of the creative eye},
  author={Arnheim, Rudolf},
  year={1974},
  publisher={University of California Press}
}

@book{berlyne1971aesthetics,
  title={Aesthetics and psychobiology},
  author={Berlyne, Daniel E},
  year={1971},
  publisher={Appleton-Century-Crofts}
}

@article{mesquita1992cultural,
  title={Cultural variations in emotions: A review},
  author={Mesquita, Batja and Frijda, Nico H},
  journal={Psychological bulletin},
  volume={112},
  number={2},
  pages={179},
  year={1992}
}

@article{kitayama1991culture,
  title={Cultural variation in affect valuation},
  author={Kitayama, Shinobu and Markus, Hazel Rose},
  journal={Journal of personality and social psychology},
  volume={60},
  number={2},
  pages={301},
  year={1991}
}

@article{machajdik2010affective,
  title={Affective image classification using features inspired by psychology and art theory},
  author={Machajdik, Jan and Hanbury, Allan},
  journal={Proceedings of the 18th ACM international conference on Multimedia},
  pages={83--92},
  year={2010}
}

@inproceedings{yanulevskaya2012emotional,
  title={Emotional valence categorization using holistic image features},
  author={Yanulevskaya, Victoria and van Gemert, Jan C and Roth, Koen E A and Herbold, Alexander K and Sebe, Nicu and Geusebroek, Jan-Mark},
  booktitle={2012 19th IEEE International Conference on Image Processing},
  pages={101--104},
  year={2012},
  organization={IEEE}
}

@inproceedings{achlioptas2021artemis,
  title={ArtEmis: Affective Language for Visual Art},
  author={Achlioptas, Panos and Ovsjanikov, Maks and Haydarov, Kilichbek and Guibas, Leonidas and Mitra, Niloy J},
  booktitle={Proceedings of the IEEE/CVF Conference on Computer Vision and Pattern Recognition},
  pages={11505--11515},
  year={2021}
}

@article{buda2018systematic,
  title={A systematic study of the class imbalance problem in convolutional neural networks},
  author={Buda, Mateusz and Maki, Atsuto and Mazurowski, Maciej A},
  journal={Neural networks},
  volume={106},
  pages={249--259},
  year={2018}
}

@inproceedings{krizhevsky2012imagenet,
  title={Imagenet classification with deep convolutional neural networks},
  author={Krizhevsky, Alex and Sutskever, Ilya and Hinton, Geoffrey E},
  booktitle={Advances in neural information processing systems},
  volume={25},
  year={2012}
}

@article{simonyan2014very,
  title={Very deep convolutional networks for large-scale image recognition},
  author={Simonyan, Karen and Zisserman, Andrew},
  journal={arXiv preprint arXiv:1409.1556},
  year={2014}
}

@inproceedings{he2016deep,
  title={Deep residual learning for image recognition},
  author={He, Kaiming and Zhang, Xiangyu and Ren, Shaoqing and Sun, Jian},
  booktitle={Proceedings of the IEEE conference on computer vision and pattern recognition},
  pages={770--778},
  year={2016}
}

@inproceedings{tan2019efficientnet,
  title={Efficientnet: Rethinking model scaling for convolutional neural networks},
  author={Tan, Mingxing and Le, Quoc},
  booktitle={International conference on machine learning},
  pages={6105--6114},
  year={2019},
  organization={PMLR}
}

@inproceedings{dosovitskiy2020image,
  title={An image is worth 16x16 words: Transformers for image recognition at scale},
  author={Dosovitskiy, Alexey and Beyer, Lucas and Kolesnikov, Alexander and Weissenborn, Dirk and Zhai, Xiaohua and Unterthiner, Thomas and Dehghani, Mostafa and Minderer, Matthias and Heigold, Georg and Gelly, Sylvain and others},
  booktitle={International Conference on Learning Representations},
  year={2020}
}

@inproceedings{liu2021swin,
  title={Swin transformer: Hierarchical vision transformer using shifted windows},
  author={Liu, Ze and Lin, Yutong and Cao, Yue and Hu, Han and Wei, Yixuan and Zhang, Zheng and Lin, Stephen and Guo, Baining},
  booktitle={Proceedings of the IEEE/CVF International Conference on Computer Vision},
  pages={10012--10022},
  year={2021}
}

@article{vaswani2017attention,
  title={Attention is all you need},
  author={Vaswani, Ashish and Shazeer, Noam and Parmar, Niranjan and Uszkoreit, Jakob and Jones, Llion and Gomez, Aidan N and Kaiser, {\L}ukasz and Polosukhin, Illia},
  journal={Advances in neural information processing systems},
  volume={30},
  year={2017}
}

@inproceedings{carion2020end,
  title={End-to-end object detection with transformers},
  author={Carion, Nicolas and Massa, Francisco and Synnaeve, Gabriel and Usunier, Nicolas and Kirillov, Alexander and Zagoruyko, Sergey},
  booktitle={European conference on computer vision},
  pages={213--229},
  year={2020},
  organization={Springer}
}

@article{zhang2014review,
  title={A review on multi-label learning algorithms},
  author={Zhang, Min-Ling and Zhou, Zhi-Hua},
  journal={IEEE transactions on knowledge and data engineering},
  volume={26},
  number={8},
  pages={1819--1837},
  year={2014}
}

@inproceedings{boutell2004learning,
  title={Learning multi-label scene classification},
  author={Boutell, Matthew R and Luo, Jiebo and Shen, Xipeng and Brown, Christopher M},
  booktitle={Pattern recognition},
  volume={37},
  number={9},
  pages={1757--1771},
  year={2004}
}

@inproceedings{lin2017focal,
  title={Focal loss for dense object detection},
  author={Lin, Tsung-Yi and Goyal, Priya and Girshick, Ross and He, Kaiming and Doll{\'a}r, Piotr},
  booktitle={Proceedings of the IEEE international conference on computer vision},
  pages={2980--2988},
  year={2017}
}

@article{bergstra2012random,
  title={Random search for hyper-parameter optimization},
  author={Bergstra, James and Bengio, Yoshua},
  journal={Journal of machine learning research},
  volume={13},
  number={1},
  pages={281--305},
  year={2012}
}

@inproceedings{li2017hyperband,
  title={Hyperband: A novel bandit-based approach to hyperparameter optimization},
  author={Li, Lisha and Jamieson, Kevin and DeSalvo, Giulia and Rostamizadeh, Afshin and Talwalkar, Ameet},
  booktitle={The Journal of Machine Learning Research},
  volume={18},
  number={1},
  pages={6765--6816},
  year={2017}
}

@inproceedings{selvaraju2017grad,
  title={Grad-cam: Visual explanations from deep networks via gradient-based localization},
  author={Selvaraju, Ramprasaath R and Cogswell, Michael and Das, Abhishek and Vedantam, Ramakrishna and Parikh, Devi and Batra, Dhruv},
  booktitle={Proceedings of the IEEE international conference on computer vision},
  pages={618--626},
  year={2017}
}

@inproceedings{ribeiro2016should,
  title={“Why should i trust you?” Explaining the predictions of any classifier},
  author={Ribeiro, Marco Tulio and Singh, Sameer and Guestrin, Carlos},
  booktitle={Proceedings of the 22nd ACM SIGKDD international conference on knowledge discovery and data mining},
  pages={1135--1144},
  year={2016}
}

@inproceedings{lundberg2017unified,
  title={A unified approach to interpreting model predictions},
  author={Lundberg, Scott M and Lee, Su-In},
  booktitle={Advances in neural information processing systems},
  volume={30},
  year={2017}
}

@book{norman2013design,
  title={The design of everyday things},
  author={Norman, Don},
  year={2013},
  publisher={Basic books}
}

@article{shneiderman2003eyes,
  title={The eyes have it: A task by data type taxonomy for information visualizations},
  author={Shneiderman, Ben},
  journal={Visual Languages and Human-Centric Computing, 2003. Proceedings. IEEE Symposium on},
  pages={336--343},
  year={2003},
  publisher={IEEE}
}

@inproceedings{chawla2002smote,
  title={SMOTE: synthetic minority over-sampling technique},
  author={Chawla, Nitesh V and Bowyer, Kevin W and Hall, Lawrence O and Kegelmeyer, W Philip},
  booktitle={Journal of artificial intelligence research},
  volume={16},
  pages={321--357},
  year={2002}
}
